<?xml version="1.0" encoding="UTF-8"?>
<record xmlns="http://www.loc.gov/MARC21/slim">
   <leader>01349cam a2200349 a 4500</leader>
   <controlfield tag="001">2171924</controlfield>
   <controlfield tag="003">CaMWISM</controlfield>
   <controlfield tag="005">19981231125410.0</controlfield>
   <controlfield tag="008">981230s1998    abca     l   s000 0 eng d</controlfield>
   <datafield tag="035" ind1=" " ind2=" ">
      <subfield code="a">ocm70483851</subfield>
   </datafield>
   <datafield tag="040" ind1=" " ind2=" ">
      <subfield code="a">AEU</subfield>
      <subfield code="b">eng</subfield>
   </datafield>
   <datafield tag="055" ind1=" " ind2="8">
      <subfield code="a">KF6784</subfield>
      <subfield code="b">.A9 1998</subfield>
      <subfield code="2">kfmod</subfield>
   </datafield>
   <datafield tag="090" ind1=" " ind2=" ">
      <subfield code="a">KEA 552 P945 1998</subfield>
      <subfield code="b">AEED</subfield>
   </datafield>
   <datafield tag="090" ind1=" " ind2=" ">
      <subfield code="a">KF 6784 A9 1998</subfield>
      <subfield code="b">AEU</subfield>
   </datafield>
   <datafield tag="240" ind1="0" ind2="0">
      <subfield code="a">1998 proposed amendments to regulations :</subfield>
      <subfield code="b">consultation paper and questionnaire.</subfield>
   </datafield>
   <datafield tag="245" ind1="0" ind2="0">
      <subfield code="a">1998 proposed amendments to regulations : consultation paper and questionnaire 1998</subfield>
      <subfield code="b">consultation paper and questionnaire.</subfield>
   </datafield>
   <datafield tag="246" ind1="3" ind2="0">
      <subfield code="a">Proposed amendments to regulations</subfield>
   </datafield>
   <datafield tag="260" ind1=" " ind2=" ">
      <subfield code="a">Edmonton :</subfield>
      <subfield code="b">Local Government Services Division, Municipal Services Branch, Alberta Municipal Affairs,</subfield>
      <subfield code="c">[1998]</subfield>
   </datafield>
   <datafield tag="300" ind1=" " ind2=" ">
      <subfield code="a">1 v. (various pagings) :</subfield>
      <subfield code="b">ill. ;</subfield>
      <subfield code="c">28 cm.</subfield>
   </datafield>
   <datafield tag="336" ind1=" " ind2=" ">
      <subfield code="a">text</subfield>
      <subfield code="b">txt</subfield>
      <subfield code="2">rdacontent</subfield>
   </datafield>
   <datafield tag="337" ind1=" " ind2=" ">
      <subfield code="a">unmediated</subfield>
      <subfield code="b">n</subfield>
      <subfield code="2">rdamedia</subfield>
   </datafield>
   <datafield tag="338" ind1=" " ind2=" ">
      <subfield code="a">volume</subfield>
      <subfield code="b">nc</subfield>
      <subfield code="2">rdacarrier</subfield>
   </datafield>
   <datafield tag="500" ind1=" " ind2=" ">
      <subfield code="a">Cover title.</subfield>
   </datafield>
   <datafield tag="596" ind1=" " ind2=" ">
      <subfield code="a">2 43 45</subfield>
   </datafield>
   <datafield tag="610" ind1="1" ind2="0">
      <subfield code="a">Alberta.</subfield>
      <subfield code="t">Standards of Assessment Regulation.</subfield>
   </datafield>
   <datafield tag="610" ind1="1" ind2="0">
      <subfield code="a">Alberta.</subfield>
      <subfield code="t">Assessment Equalization Regulation.</subfield>
   </datafield>
   <datafield tag="610" ind1="1" ind2="0">
      <subfield code="a">Alberta.</subfield>
      <subfield code="t">Transitional Regulation.</subfield>
   </datafield>
   <datafield tag="650" ind1=" " ind2="0">
      <subfield code="a">Local taxation</subfield>
      <subfield code="x">Law and legislation</subfield>
      <subfield code="z">Alberta.</subfield>
   </datafield>
   <datafield tag="650" ind1=" " ind2="0">
      <subfield code="a">Tax assessment</subfield>
      <subfield code="x">Law and legislation</subfield>
      <subfield code="z">Alberta.</subfield>
   </datafield>
   <datafield tag="710" ind1="1" ind2=" ">
      <subfield code="a">Alberta.</subfield>
      <subfield code="b">Municipal Services Branch.</subfield>
   </datafield>
   <datafield tag="926" ind1=" " ind2=" ">
      <subfield code="a">AGL_CAP</subfield>
      <subfield code="b">ON_SHELF</subfield>
      <subfield code="c">KEA 552 P945 1998</subfield>
      <subfield code="d">BOOK</subfield>
      <subfield code="f">1</subfield>
   </datafield>
   <datafield tag="926" ind1=" " ind2=" ">
      <subfield code="a">UAHSS</subfield>
      <subfield code="b">ON_SHELF</subfield>
      <subfield code="c">KF 6784 A9 1998</subfield>
      <subfield code="d">BOOK</subfield>
      <subfield code="f">2</subfield>
   </datafield>
   <datafield tag="926" ind1=" " ind2=" ">
      <subfield code="a">UALAW</subfield>
      <subfield code="b">ON_SHELF</subfield>
      <subfield code="c">KF 6784 A9 1998</subfield>
      <subfield code="d">BOOK</subfield>
      <subfield code="f">1</subfield>
   </datafield>
</record>
